<?xml version="1.0" encoding="UTF-8"?><collection xmlns="http://www.loc.gov/MARC21/slim"><record><leader>00385nam--2200121-i-4500</leader><controlfield tag="001">000007528</controlfield><controlfield tag="002">20161230</controlfield><controlfield tag="005">20161230201027</controlfield><controlfield tag="008">060222s1000------------r-----000-0-eng-d</controlfield><datafield ind1=" " ind2=" " tag="100"><subfield code="a">Cirstoiu, B. Si Martin, G</subfield></datafield><datafield ind1=" " ind2=" " tag="245"><subfield code="a">Program fizic si matematic pentru prelucrarea fotografiilor de la camerele cu bule</subfield></datafield><datafield ind1=" " ind2=" " tag="260"><subfield code="a">Magurele, I.F.A.-lab.Masini Electronice De Cal Cul, 43 P</subfield></datafield><datafield ind1=" " ind2=" " tag="852"><subfield code="a">23480</subfield></datafield></record></collection>